@book{book, place={New York, NY}, title={Mechanics of materials}, publisher={McGraw-Hill Education}, author={Beer, Ferdinand P. and DeWolf, John T. and Johnston, E. Russell and Mazurek, David F.}, year={2020}} 
